@preamble{"\newcommand{\mnras}{Mon.~Not.~R.~Astron.~Soc.}"}

@ARTICLE{abc+2009,
   author = {{Anholm}, M. and {Ballmer}, S. and {Creighton}, J.~D.~E. and 
	{Price}, L.~R. and {Siemens}, X.},
    title = "{Optimal strategies for gravitational wave stochastic background searches in pulsar timing data}",
  journal = {\prd},
archivePrefix = "arXiv",
   eprint = {0809.0701},
 primaryClass = "gr-qc",
 keywords = {Wave generation and sources, Gravitational wave detectors and experiments},
     year = 2009,
    month = apr,
   volume = 79,
   number = 8,
      eid = {084030},
    pages = {084030},
      doi = {10.1103/PhysRevD.79.084030},
   adsurl = {http://adsabs.harvard.edu/abs/2009PhRvD..79h4030A},
  adsnote = {Provided by the SAO/NASA Astrophysics Data System}
}

@ARTICLE{cs2016,
   author = {{Cornish}, N.~J. and {Sampson}, L.},
    title = "{Towards robust gravitational wave detection with pulsar timing arrays}",
  journal = {\prd},
archivePrefix = "arXiv",
   eprint = {1512.06829},
 primaryClass = "gr-qc",
     year = 2016,
    month = may,
   volume = 93,
   number = 10,
      eid = {104047},
    pages = {104047},
      doi = {10.1103/PhysRevD.93.104047},
   adsurl = {http://adsabs.harvard.edu/abs/2016PhRvD..93j4047C},
  adsnote = {Provided by the SAO/NASA Astrophysics Data System}
}

@ARTICLE{2003ApJ...583..616J,
   author = {{Jaffe}, A.~H. and {Backer}, D.~C.},
    title = "{Gravitational Waves Probe the Coalescence Rate of Massive Black Hole Binaries}",
  journal = {\apj},
   eprint = {astro-ph/0210148},
 keywords = {Black Hole Physics, Galaxies: Interactions, Gravitational Waves},
     year = 2003,
    month = feb,
   volume = 583,
    pages = {616-631},
      doi = {10.1086/345443},
   adsurl = {http://adsabs.harvard.edu/abs/2003ApJ...583..616J},
  adsnote = {Provided by the SAO/NASA Astrophysics Data System}
}

@ARTICLE{1995ApJ...446..543R,
   author = {{Rajagopal}, M. and {Romani}, R.~W.},
    title = "{Ultra--Low-Frequency Gravitational Radiation from Massive Black Hole Binaries}",
  journal = {\apj},
   eprint = {astro-ph/9412038},
 keywords = {BLACK HOLE PHYSICS, GALAXIES: INTERACTIONS, GALAXIES: NUCLEI, RADIATION MECHANISMS: NONTHERMAL},
     year = 1995,
    month = jun,
   volume = 446,
    pages = {543},
      doi = {10.1086/175813},
   adsurl = {http://adsabs.harvard.edu/abs/1995ApJ...446..543R},
  adsnote = {Provided by the SAO/NASA Astrophysics Data System}
}

@ARTICLE{tlb+2017,
   author = {{Taylor}, S.~R. and {Lentati}, L. and {Babak}, S. and {Brem}, P. and 
	{Gair}, J.~R. and {Sesana}, A. and {Vecchio}, A.},
    title = "{All correlations must die: Assessing the significance of a stochastic gravitational-wave background in pulsar timing arrays}",
  journal = {\prd},
archivePrefix = "arXiv",
   eprint = {1606.09180},
 primaryClass = "astro-ph.IM",
     year = 2017,
    month = feb,
   volume = 95,
   number = 4,
      eid = {042002},
    pages = {042002},
      doi = {10.1103/PhysRevD.95.042002},
   adsurl = {http://adsabs.harvard.edu/abs/2017PhRvD..95d2002T},
  adsnote = {Provided by the SAO/NASA Astrophysics Data System}
}

@ARTICLE{thk+2016,
   author = {{Tiburzi}, C. and {Hobbs}, G. and {Kerr}, M. and {Coles}, W.~A. and 
	{Dai}, S. and {Manchester}, R.~N. and {Possenti}, A. and {Shannon}, R.~M. and 
	{You}, X.~P.},
    title = "{A study of spatial correlations in pulsar timing array data}",
  journal = {\mnras},
archivePrefix = "arXiv",
   eprint = {1510.02363},
 primaryClass = "astro-ph.IM",
 keywords = {gravitational waves, methods: numerical, pulsars: general},
     year = 2016,
    month = feb,
   volume = 455,
    pages = {4339-4350},
      doi = {10.1093/mnras/stv2143},
   adsurl = {http://adsabs.harvard.edu/abs/2016MNRAS.455.4339T},
  adsnote = {Provided by the SAO/NASA Astrophysics Data System}
}

@ARTICLE{2003ApJ...590..691W,
   author = {{Wyithe}, J.~S.~B. and {Loeb}, A.},
    title = "{Low-Frequency Gravitational Waves from Massive Black Hole Binaries: Predictions for LISA and Pulsar Timing Arrays}",
  journal = {\apj},
   eprint = {astro-ph/0211556},
 keywords = {Black Hole Physics, Cosmology: Theory, Cosmology: Early Universe, Gravitational Waves},
     year = 2003,
    month = jun,
   volume = 590,
    pages = {691-706},
      doi = {10.1086/375187},
   adsurl = {http://adsabs.harvard.edu/abs/2003ApJ...590..691W},
  adsnote = {Provided by the SAO/NASA Astrophysics Data System}
}
